@article{frazier2018tutorial,
	title={A tutorial on Bayesian optimization},
	author={Frazier, Peter I},
	journal={arXiv preprint arXiv:1807.02811},
	year={2018}
}

@article{gramacy2012cases,
	title={Cases for the nugget in modeling computer experiments},
	author={Gramacy, Robert B and Lee, Herbert KH},
	journal={Statistics and Computing},
	volume={22},
	number={3},
	pages={713--722},
	year={2012},
	publisher={Springer}
}

@article{francom2020bass,
	title={Bass: An r package for fitting and performing sensitivity analysis of bayesian adaptive spline surfaces},
	author={Francom, Devin and Sans{\'o}, Bruno},
	journal={Journal of Statistical Software},
	volume={94},
	number={LA-UR-20-23587},
	year={2020},
	publisher={Los Alamos National Lab.(LANL), Los Alamos, NM (United States)}
}

@article{friedman1991multivariate,
	title={Multivariate adaptive regression splines},
	author={Friedman, Jerome H},
	journal={The annals of statistics},
	volume={19},
	number={1},
	pages={1--67},
	year={1991},
	publisher={Institute of Mathematical Statistics}
}

@article{denison1998bayesian,
	title={Bayesian mars},
	author={Denison, David GT and Mallick, Bani K and Smith, Adrian FM},
	journal={Statistics and Computing},
	volume={8},
	number={4},
	pages={337--346},
	year={1998},
	publisher={Springer}
}

@article{green1995reversible,
	title={Reversible jump Markov chain Monte Carlo computation and Bayesian model determination},
	author={Green, Peter J},
	journal={Biometrika},
	volume={82},
	number={4},
	pages={711--732},
	year={1995},
	publisher={Oxford University Press}
}

@article{boehmke2018uc,
	title={UC Business Analytics R Programming Guide},
	author={Boehmke, B},
	journal={University of Cincinnati},
	year={2018}
}

@Manual{ameshouse,    title = {AmesHousing: The Ames Iowa Housing Data},    author = {Max Kuhn},    year = {2020},    note = {R package version 0.0.4},    url = {https://CRAN.R-project.org/package=AmesHousing},  }

@article{de2011ames,
	title={Ames, Iowa: Alternative to the Boston housing data as an end of semester regression project},
	author={De Cock, Dean},
	journal={Journal of Statistics Education},
	volume={19},
	number={3},
	year={2011},
	publisher={Taylor \& Francis}
}

@article{zou2005regularization,
	title={Regularization and variable selection via the elastic net},
	author={Zou, Hui and Hastie, Trevor},
	journal={Journal of the royal statistical society: series B (statistical methodology)},
	volume={67},
	number={2},
	pages={301--320},
	year={2005},
	publisher={Wiley Online Library}
}

@Article{glmnet,    title = {Regularization Paths for Generalized Linear Models via Coordinate Descent},    author = {Jerome Friedman and Trevor Hastie and Robert Tibshirani},    journal = {Journal of Statistical Software},    year = {2010},    volume = {33},    number = {1},    pages = {1--22},    url = {https://www.jstatsoft.org/v33/i01/},    doi = {10.18637/jss.v033.i01},  }

@article{snoek2012practical,
	title={Practical bayesian optimization of machine learning algorithms},
	author={Snoek, Jasper and Larochelle, Hugo and Adams, Ryan P},
	journal={Advances in neural information processing systems},
	volume={25},
	year={2012}
}